<record><leader>00000cas a22000007a 4500</leader><controlfield tag="001">10341478</controlfield><controlfield tag="008">840126d18581861meuwr ne      0    0eng d</controlfield><datafield ind1=" " ind2=" " tag="010"><subfield code="a">sn 84022321 </subfield></datafield><datafield ind1=" " ind2=" " tag="040"><subfield code="a">NPX</subfield><subfield code="b">eng</subfield><subfield code="c">NPX</subfield><subfield code="d">MBN</subfield><subfield code="d">OCL</subfield><subfield code="d">OCLCG</subfield><subfield code="d">OCLCQ</subfield><subfield code="d">OCLCF</subfield><subfield code="d">OCLCO</subfield></datafield><datafield ind1=" " ind2=" " tag="042"><subfield code="a">msc</subfield></datafield><datafield ind1=" " ind2=" " tag="043"><subfield code="a">n-us-me</subfield></datafield><datafield ind1="0" ind2=" " tag="130"><subfield code="a">Bethel courier (Bethel, Me. : 1858)</subfield></datafield><datafield ind1="1" ind2="4" tag="245"><subfield code="a">The Bethel courier.</subfield></datafield><datafield ind1=" " ind2=" " tag="260"><subfield code="a">Bethel, Me. :</subfield><subfield code="b">Cady &amp; Smith</subfield></datafield><datafield ind1=" " ind2=" " tag="300"><subfield code="a">v. ;</subfield><subfield code="c">45 cm.</subfield></datafield><datafield ind1=" " ind2=" " tag="310"><subfield code="a">Weekly</subfield></datafield><datafield ind1="0" ind2=" " tag="362"><subfield code="a">Vol. 1, no. 1 (Dec. 17, 1858)-</subfield></datafield><datafield ind1="1" ind2=" " tag="362"><subfield code="a">Ceased in July 1861.</subfield><subfield code="z">Cf. Griffin, J. Hist. of the press of Maine, 1872.</subfield></datafield><datafield ind1=" " ind2=" " tag="500"><subfield code="a">Editor: N.T. True, 1858-1860.</subfield></datafield><datafield ind1=" " ind2=" " tag="500"><subfield code="a">Publishers: D. Cady &amp; F. Smith, 1858; F. Smith &amp; James Nutting, 1859; James Nutting, 1859-1860; J. Alden Smith, 1860-1861.</subfield></datafield><datafield ind1=" " ind2="0" tag="651"><subfield code="a">Bethel (Me.)</subfield><subfield code="v">Newspapers.</subfield></datafield><datafield ind1=" " ind2="7" tag="655"><subfield code="a">Newspapers.</subfield><subfield code="2">fast</subfield><subfield code="0">(OCoLC)fst01423814</subfield></datafield><datafield ind1=" " ind2="7" tag="651"><subfield code="a">Maine</subfield><subfield code="z">Bethel.</subfield><subfield code="2">fast</subfield><subfield code="0">(OCoLC)fst01218258</subfield></datafield><datafield ind1="1" ind2=" " tag="700"><subfield code="a">True, Nathaniel Tuckerman,</subfield><subfield code="d">1812-1887.</subfield></datafield><datafield ind1=" " ind2=" " tag="752"><subfield code="a">United States</subfield><subfield code="b">Maine</subfield><subfield code="c">Oxford</subfield><subfield code="d">Bethel.</subfield></datafield></record>